% This file was created with JabRef 2.3.1.
% Encoding: Cp1252

@INPROCEEDINGS{GaoPanWangChen2018,
  author={Gao, Yang and Pan, Zhengyu and Wang, Honghao and Chen, Guanling},
  booktitle={2018 IEEE SmartWorld, Ubiquitous Intelligence \& Computing, Advanced \& Trusted Computing, Scalable Computing \& Communications, Cloud \& Big Data Computing, Internet of People and Smart City Innovation (SmartWorld/SCALCOM/UIC/ATC/CBDCom/IOP/SCI)}, 
  title={Alexa, My Love: Analyzing Reviews of Amazon Echo}, 
  year={2018},
  volume={},
  number={},
  pages={372-380},
  doi={10.1109/SmartWorld.2018.00094}
}

@ARTICLE{Young2018,  author={Young, Tom and Hazarika, Devamanyu and Poria, Soujanya and Cambria, Erik},  journal={IEEE Computational Intelligence Magazine},   title={Recent Trends in Deep Learning Based Natural Language Processing [Review Article]},   year={2018},  volume={13},  number={3},  pages={55-75},  doi={10.1109/MCI.2018.2840738}}

@ARTICLE{Shafique2020,  author={Shafique, Kinza and Khawaja, Bilal A. and Sabir, Farah and Qazi, Sameer and Mustaqim, Muhammad},  journal={IEEE Access},   title={Internet of Things (IoT) for Next-Generation Smart Systems: A Review of Current Challenges, Future Trends and Prospects for Emerging 5G-IoT Scenarios},   year={2020},  volume={8},  number={},  pages={23022-23040},  doi={10.1109/ACCESS.2020.2970118}}

@INPROCEEDINGS{He2019,  author={He, Weijia and Martinez, Jesse and Padhi, Roshni and Zhang, Lefan and Ur, Blase},  booktitle={2019 IEEE Security and Privacy Workshops (SPW)},   title={When Smart Devices Are Stupid: Negative Experiences Using Home Smart Devices},   year={2019},  volume={},  number={},  pages={150-155},  doi={10.1109/SPW.2019.00036}}

@MISC{InsiderIntelligence2022,
  author = {Insider Intelligence},
  title = {A not-so-smart rise in smart speaker ownership},
  year = {2022},
  url = {https://www.insiderintelligence.com/content/smart-speaker-ownership},
  urlaccessdate = {October, 10th 2022}
}

@MISC{Echoes2022,
  doi = {10.48550/ARXIV.2204.10920},
  url = {https://arxiv.org/abs/2204.10920},
  author = {Iqbal, Umar and Bahrami, Pouneh Nikkhah and Trimananda, Rahmadi and Cui, Hao and Gamero-Garrido, Alexander and Dubois, Daniel and Choffnes, David and Markopoulou, Athina and Roesner, Franziska and Shafiq, Zubair},
  keywords = {Cryptography and Security (cs.CR), FOS: Computer and information sciences, FOS: Computer and information sciences},
  title = {Your Echos are Heard: Tracking, Profiling, and Ad Targeting in the Amazon Smart Speaker Ecosystem},
  publisher = {arXiv},
  year = {2022},
  copyright = {arXiv.org perpetual, non-exclusive license}
}

@MISC{Phdata2021,
  author = {phData},
  title = {What is the cost to deploy and maintain a machine learning model?},
  year = {2021},
  url = {https://www.phdata.io/blog/what-is-the-cost-to-deploy-and-maintain-a-machine-learning-model/},
  urlaccessdate = {October, 10th 2022}
}

@MISC{Alexa2022,
  author = {Amazon},
  title = {What Are Alexa Skills?},
  year = {2022},
  url = {https://developer.amazon.com/en-US/alexa/alexa-skills-kit},
  urlaccessdate = {October, 10th 2022}
}

@MISC{Caper2020,
  author = {Caper},
  title = {The Rist of Smart Cart},
  year = {2020},
  url = {https://www.caper.ai/post/the-rise-of-smart-carts},
  urlaccessdate = {October, 11th 2022}
}

@MISC{Abras2022,
  author = {ABRAS},
  title = {Superhiper - Raking ABRAS 2022},
  month = {May},
  year = {2022},
  url = {https://superhiper.abras.com.br/pdf/280.pdf},
  urlaccessdate = {October, 11th 2022}
}

@MISC{TWP2021,
  author = {The Washington Post},
  title = {Smart shopping carts on the rise as stores adapt to pandemic era},
  year = {2021},
  url = {https://www.washingtonpost.com/technology/2021/01/29/smart-shopping-carts-pandemic-innovations/},
  urlaccessdate = {October, 11th 2022}
}

@MISC{TC2021,
  author = {Tech Crunch}},
  title = {Instacart acquires Caper AI, a smart cart and instant checkout startup, for \$350M, as it moves deeper into physical retail tech},
  year = {2021},
  url = {https://techcrunch.com/2021/10/19/instacart-acquires-caper-ai-a-smart-cart-and-instant-checkout-startup-for-350m-as-it-moves-deeper-into-physical-retail-tech/},
  urlaccessdate = {October, 11th 2022}
}

@MISC{Kantar2022,
  author = {Kantar},
  title = {Winning Omnichannel},
  year = {2022},
  url = {https://kantar.turtl.co/story/winning-omnichannel-2022-c},
  urlaccessdate = {October, 11th 2022}
}

@MISC{Capgemini2020,
  author = {Capgemini},
  title = {Smart Stores: Rebooting the retail store through in-store automation},
  year = {2020},
  url = {https://www.capgemini.com/wp-content/uploads/2020/01/Report-\%E2\%80\%93-Smart-Stores-1.pdf},
  urlaccessdate = {October, 11th 2022}
}

@MISC{Nextop2022,
  author = {Nextop},
  title = {Smart Cart - Carrinho Inteligente},
  year = {2022},
  url = {https://nextop.com.br/smart-cart-carrinho-inteligente/},
  urlaccessdate = {October, 12th 2022}
}

@MISC{Paraiba2022,
  author = {Paraiba Total},
  title = {Enxuto supermarket chain launches 1st smart cart in Latin America},
  year = {2022},
  url = {https://www.paraibatotal.com.br/2022/05/05/rede-de-supermercados-enxuto-lanca-1o-carrinho-inteligente-da-america-latina/},
  urlaccessdate = {October, 12th 2022}
}

@BOOK{Sam2021,
  title = {Building Microservices},
  subtitle = {Designing Fine-Grained Systems},
  publisher = {O'Reilly},
  year = {2021},
  author = {Sam Newman},
  edition = {2},
}

@BOOK{Nield2016,
  title = {Introdução à Linguagem SQL },
  subtitle = {Abordagem prática para iniciantes},
  publisher = {Novatec},
  year = {2016},
  author = {Thomas Nield},
  edition = {1},
}

@BOOK{Duckett2011,
  title = {HTML and CSS},
  subtitle = {Design and Build Websites},
  publisher = {Wiley},
  year = {2011},
  author = {Jon Duckett},
  edition = {1},
}

@BOOK{Tanenbaum2015,
  title = {Sistemas Operacionais Modernos},
  publisher = {Pearson},
  year = {2015},
  author = {Andrew Tanenbaum and Herbert Bos},
  edition = {4},
}

@BOOK{Flanagan2020,
  title = {JavaScript: The Definitive Guide},
  subtitle = {Master the World's Most-Used Programming Language},
  publisher = {O'Reilly},
  year = {2020},
  author = {David Flanagan},
  edition = {7},
}

@BOOK{Silberschatz2010,
  title = {Sistemas de Bancos de Dados},
  publisher = {GEN LTC},
  year = {2010},
  author = {Abraham Silberschatz and Henry Forth and S. Sudarshan},
  edition = {2},
}

@BOOK{Kurose2013,
  title = {Redes de computadores e a Internet},
  subtitle = {Uma abordagem top-down},
  publisher = {Pearson},
  year = {2013},
  author = {Jim Kurose and Keith Ross},
  edition = {6},
}

@MISC{Kong2022,
  author = {Kong},
  title = {The API Mandate: How a mythical memo from Jeff Bezos changed software forever},
  year = {2022},
  url = {https://konghq.com/blog/api-mandate},
  urlaccessdate = {October, 16th 2022}
}

@ARTICLE{Roy2000,
  author = {Roy Thomas Fielding},
  title = {Architectural Styles and the Design of Network-based Software Architectures},
  year = {2000},
  url = {},
  urlaccessdate = {October, 16th 2022}
}

@MISC{Avia2022,
  author = {Avia},
  title = {24-Bit Analog-to-Digital Converter (ADC) for Weigh Scales},
  year = {2022}
}

@MISC{Aws2022,
  author = {AWS},
  title = {What is cloud computing?},
  year = {2022},
  url = {https://aws.amazon.com/what-is-cloud-computing/}
}

@BOOK{Wes2017,
  title = {Python for Data Analysis},
  subtitle = {Data Wrangling with Pandas, Numpy, and IPython},
  publisher = {O'Reilly},
  year = {2017},
  author = {Wes McKinney},
  edition = {2},
}

@BOOK{Joel2019,
  title = {Data Science from Scratch},
  subtitle = {First Principle with Python},
  publisher = {O'Reilly},
  year = {2019},
  author = {Joel Grus},
  edition = {2},
}

@BOOK{Andreas2016,
  title = {Introduction to Machine Learning with Python},
  subtitle = {A Guide for Data Scientists},
  publisher = {O'Reilly},
  year = {2016},
  author = {Andreas Mueller and Sarah Guido},
  edition = {1},
}

@ARTICLE{Ross2019,
author = {Ross, Robert and Baji, Avinash and Barnett, Dean},
year = {2019},
month = {01},
pages = {237},
title = {Inner Profile Measurement for Pipes Using Penetration Testing},
volume = {19},
journal = {Sensors},
doi = {10.3390/s19020237}
}

@ARTICLE{Treffers2015,
  author={Treffers, Menno},
  journal={IEEE Circuits and Systems Magazine}, 
  title={History, Current Status and Future of the Wireless Power Consortium and the Qi Interface Specification},
  year={2015},
  volume={15},
  number={2},
  pages={28-31},
  doi={10.1109/MCAS.2015.2418973}
}

@INPROCEEDINGS{Stefanescu,  
    author={Ştefănescu, Dan Mihai},
    booktitle={Eighth International Multi-Conference on Systems, Signals \& Devices},
    title={Strain gauges and Wheatstone bridges — Basic instrumentation and new applications for electrical measurement of non-electrical quantities},
    year={2011},  
    volume={},  
    number={},  
    pages={1-5},
    doi={10.1109/SSD.2011.5767428}
}
